[gd_scene load_steps=8 format=2]

[ext_resource path="res://Script/MeleeWeapon.gd" type="Script" id=1]
[ext_resource path="res://Spritesheets/sword.png" type="Texture" id=2]
[ext_resource path="res://Scenes/Tools/TrailEmitter.tscn" type="PackedScene" id=3]

[sub_resource type="Gradient" id=1]

offsets = PoolRealArray( 0.124682, 0.386768, 0.613232 )
colors = PoolColorArray( 1, 1, 1, 1, 1, 0, 0, 0.649059, 1, 1, 1, 0 )

[sub_resource type="Curve" id=2]

min_value = 0.0
max_value = 1.0
bake_resolution = 100
_data = [ Vector2( 0, 1 ), 0.0, -0.19137, 0, 0, Vector2( 0.323522, 0.779297 ), -1.76374, -1.76374, 0, 0, Vector2( 0.998536, 0.0166016 ), 0.0, 0.0, 0, 0 ]

[sub_resource type="Animation" id=3]

length = 1.0
loop = false
step = 0.05
tracks/0/type = "value"
tracks/0/path = NodePath("pivot/weaponBody:rotation_degrees")
tracks/0/interp = 2
tracks/0/loop_wrap = true
tracks/0/imported = false
tracks/0/enabled = true
tracks/0/keys = {
"times": PoolRealArray( 0, 0.3, 0.45, 0.9 ),
"transitions": PoolRealArray( 1, 1, 1, 1 ),
"update": 0,
"values": [ 0.0, 30.0, 30.0, -180.0 ]
}
tracks/1/type = "value"
tracks/1/path = NodePath("pivot:rotation_degrees")
tracks/1/interp = 2
tracks/1/loop_wrap = true
tracks/1/imported = false
tracks/1/enabled = true
tracks/1/keys = {
"times": PoolRealArray( 0, 0.3, 0.45, 0.8 ),
"transitions": PoolRealArray( 1, 1, 1, 1 ),
"update": 0,
"values": [ 0.0, 15.0, 15.0, -180.0 ]
}
tracks/2/type = "value"
tracks/2/path = NodePath("pivot/weaponBody/bodyShape:disabled")
tracks/2/interp = 1
tracks/2/loop_wrap = true
tracks/2/imported = false
tracks/2/enabled = true
tracks/2/keys = {
"times": PoolRealArray( 0.45, 0.9 ),
"transitions": PoolRealArray( 1, 1 ),
"update": 1,
"values": [ false, true ]
}
tracks/3/type = "value"
tracks/3/path = NodePath("pivot/weaponBody/Sprite/trailEmitter:emitting")
tracks/3/interp = 1
tracks/3/loop_wrap = true
tracks/3/imported = false
tracks/3/enabled = true
tracks/3/keys = {
"times": PoolRealArray( 0.45, 0.9 ),
"transitions": PoolRealArray( 1, 1 ),
"update": 1,
"values": [ true, false ]
}

[sub_resource type="Animation" id=4]

length = 1.0
loop = false
step = 0.05
tracks/0/type = "value"
tracks/0/path = NodePath("pivot/weaponBody:rotation_degrees")
tracks/0/interp = 2
tracks/0/loop_wrap = true
tracks/0/imported = false
tracks/0/enabled = true
tracks/0/keys = {
"times": PoolRealArray( 0, 0.3, 0.45, 0.9 ),
"transitions": PoolRealArray( 1, 1, 1, 1 ),
"update": 0,
"values": [ -180.0, -210.0, -210.0, 0.0 ]
}
tracks/1/type = "value"
tracks/1/path = NodePath("pivot:rotation_degrees")
tracks/1/interp = 2
tracks/1/loop_wrap = true
tracks/1/imported = false
tracks/1/enabled = true
tracks/1/keys = {
"times": PoolRealArray( 0, 0.3, 0.45, 0.8 ),
"transitions": PoolRealArray( 1, 1, 1, 1 ),
"update": 0,
"values": [ -180.0, -195.0, -195.0, 0.0 ]
}
tracks/2/type = "value"
tracks/2/path = NodePath("pivot/weaponBody/bodyShape:disabled")
tracks/2/interp = 1
tracks/2/loop_wrap = true
tracks/2/imported = false
tracks/2/enabled = true
tracks/2/keys = {
"times": PoolRealArray( 0.45, 0.9 ),
"transitions": PoolRealArray( 1, 1 ),
"update": 1,
"values": [ false, true ]
}
tracks/3/type = "value"
tracks/3/path = NodePath("pivot/weaponBody/Sprite/trailEmitter:emitting")
tracks/3/interp = 1
tracks/3/loop_wrap = true
tracks/3/imported = false
tracks/3/enabled = true
tracks/3/keys = {
"times": PoolRealArray( 0.45, 0.9 ),
"transitions": PoolRealArray( 1, 1 ),
"update": 1,
"values": [ true, false ]
}

[node name="MeleeWeapon" type="Node2D" index="0"]
z_index = 4096
script = ExtResource( 1 )
_sections_unfolded = [ "Material", "Transform", "Z Index" ]
attackSpeed = 2.0
staggerDistance = 64
damage = 100
MAX_AMMO = 500
speed = 1400

[node name="pivot" type="BackBufferCopy" parent="." index="0"]
copy_mode = 1
rect = Rect2( -100, -100, 200, 200 )
_sections_unfolded = [ "Material", "Transform", "Visibility", "Z Index" ]

[node name="weaponBody" type="Area2D" parent="pivot" index="0"]
position = Vector2( -32, 0 )
input_pickable = true
gravity_vec = Vector2( 0, 1 )
gravity = 98.0
linear_damp = 0.1
angular_damp = 1.0
audio_bus_override = false
audio_bus_name = "Master"
_sections_unfolded = [ "Angular", "Applied Forces", "Collision", "Transform", "collision" ]

[node name="bodyShape" type="CollisionPolygon2D" parent="pivot/weaponBody" index="0"]
visible = false
build_mode = 0
polygon = PoolVector2Array( -32, -92, 0, -124, 32, -92, 16, 0, -16, 0 )
disabled = true
_sections_unfolded = [ "Material" ]

[node name="Sprite" type="Sprite" parent="pivot/weaponBody" index="1"]
texture = ExtResource( 2 )
offset = Vector2( 0, -32 )
_sections_unfolded = [ "Material", "Offset", "Transform", "Visibility" ]

[node name="trailEmitter" parent="pivot/weaponBody/Sprite" index="0" instance=ExtResource( 3 )]
emitting = false
life = 0.25
texture = ExtResource( 2 )
offset = Vector2( 0, -32 )
color = SubResource( 1 )
uv_offset = Vector2( 0.5, 0 )
uv_scale = Vector2( 0.5, 1 )
width = 64.0
width_curve = SubResource( 2 )
uv_width_factor = 0.05
maximum_point_distance = 2.0

[node name="AnimationPlayer" type="AnimationPlayer" parent="." index="1"]
root_node = NodePath("..")
autoplay = ""
playback_process_mode = 1
playback_default_blend_time = 0.0
playback_speed = 1.0
anims/AntiClockAttack = SubResource( 3 )
anims/ClockAttack = SubResource( 4 )
blend_times = [  ]
_sections_unfolded = [ "Playback Options" ]

[connection signal="body_entered" from="pivot/weaponBody" to="." method="_on_weaponBody_body_entered"]
[connection signal="animation_finished" from="AnimationPlayer" to="." method="_on_AnimationPlayer_animation_finished"]
